<record xmlns="http://www.loc.gov/MARC21/slim" xmlns:xsi="http://www.w3.org/2001/XMLSchema-instance" xsi:schemaLocation="http://www.loc.gov/MARC21/slim http://www.loc.gov/standards/marcxml/schema/MARC21slim.xsd"><leader>     nam a22        4500</leader><controlfield tag="001">32314</controlfield><controlfield tag="003">NNC</controlfield><controlfield tag="006">m        d        </controlfield><controlfield tag="007">cr cn |||m|||a</controlfield><controlfield tag="008">150601s1899    ua a    o     000 0 ara d</controlfield><datafield ind1=" " ind2=" " tag="040"><subfield code="a">NNU</subfield><subfield code="b">eng</subfield><subfield code="e">rda</subfield><subfield code="c">NNU</subfield></datafield><datafield ind1="1" ind2="4" tag="050"><subfield code="a">PN185</subfield><subfield code="b">.S2</subfield></datafield><datafield ind1="1" ind2=" " tag="100"><subfield code="6">880-01</subfield><subfield code="a">Sakka&#772;ki&#772;, Yu&#772;suf ibn Abi&#772; Bakr,</subfield><subfield code="d">1160-</subfield></datafield><datafield ind1="1" ind2="0" tag="240"><subfield code="6">880-02</subfield><subfield code="a">Mifta&#772;h&#803; al-&#699;ulu&#772;m</subfield></datafield><datafield ind1="1" ind2="0" tag="245"><subfield code="6">880-03</subfield><subfield code="a">Kita&#772;b mifta&#772;h&#803; al-&#699;ulu&#772;m /</subfield><subfield code="c">lil-Ima&#772;m Abi&#772; Ya&#699;qu&#772;b Yu&#772;suf ibn Abi&#772; Bakr Muh&#803;ammad ibn &#699;Ali&#772; al-Sakka&#772;ki&#772;, wa-qad washayna&#772; t&#803;urarahu ... bi-Kita&#772;b itma&#772;m al-dira&#772;yah ... / lil-Ima&#772;m Jala&#772;l al-Di&#772;n &#699;Abd al-Rah&#803;ma&#772;n al-Suyu&#772;t&#803;i&#772;.</subfield></datafield><datafield ind1="3" ind2=" " tag="246"><subfield code="6">880-04</subfield><subfield code="a">Mifta&#772;h&#803; al-&#699;ulu&#772;m</subfield></datafield><datafield ind1="3" ind2=" " tag="246"><subfield code="6">880-05</subfield><subfield code="a">Itma&#772;m al-dira&#772;yah</subfield></datafield><datafield ind1=" " ind2=" " tag="250"><subfield code="6">880-06</subfield><subfield code="a">al-T&#803;ab&#699;ah 1.</subfield></datafield><datafield ind1=" " ind2=" " tag="260"><subfield code="6">880-07</subfield><subfield code="a">Mis&#803;r :</subfield><subfield code="b">al-Mat&#803;ba&#699;ah al-Adabi&#772;yah,</subfield><subfield code="c">[1899?]</subfield></datafield><datafield ind1=" " ind2=" " tag="300"><subfield code="a">online resource (319 pages) :</subfield><subfield code="b">diagrams</subfield></datafield><datafield ind1=" " ind2=" " tag="336"><subfield code="a">text</subfield><subfield code="2">rdacontent</subfield></datafield><datafield ind1=" " ind2=" " tag="337"><subfield code="a">computer</subfield><subfield code="2">rdamedia</subfield></datafield><datafield ind1=" " ind2=" " tag="338"><subfield code="a">online resource</subfield><subfield code="2">rdacarrier</subfield></datafield><datafield ind1=" " ind2=" " tag="500"><subfield code="a">Part of the Arabic Collections Online (ACO) project, contributed by Columbia University Libraries.</subfield></datafield><datafield ind1=" " ind2=" " tag="533"><subfield code="a">Electronic reproduction.</subfield><subfield code="b">New York, N.Y. :</subfield><subfield code="c">New York University,</subfield><subfield code="d">2015.</subfield><subfield code="5">NNU</subfield></datafield><datafield ind1=" " ind2="0" tag="650"><subfield code="a">Rhetoric, Medieval.</subfield></datafield><datafield ind1=" " ind2="0" tag="650"><subfield code="a">Arabic language</subfield><subfield code="x">Rhetoric.</subfield></datafield><datafield ind1=" " ind2="7" tag="650"><subfield code="a">Arabic language</subfield><subfield code="x">Rhetoric.</subfield><subfield code="2">fast</subfield><subfield code="0">(OCoLC)fst00812415</subfield></datafield><datafield ind1=" " ind2="7" tag="650"><subfield code="a">Rhetoric, Medieval.</subfield><subfield code="2">fast</subfield><subfield code="0">(OCoLC)fst01096987</subfield></datafield><datafield ind1="0" ind2="2" tag="700"><subfield code="6">880-08</subfield><subfield code="a">Suyu&#772;t&#803;i&#772;,</subfield><subfield code="d"> 1445-1505.</subfield><subfield code="t">Itma&#772;m al-dira&#772;yah. </subfield></datafield><datafield ind1="2" ind2=" " tag="710"><subfield code="a">Columbia University.</subfield><subfield code="b">Libraries.</subfield></datafield><datafield ind1="0" ind2=" " tag="730"><subfield code="a">Arabic Collections Online.</subfield></datafield><datafield ind1="0" ind2="8" tag="776"><subfield code="i">Online version:</subfield><subfield code="a">Sakka&#772;ki&#772;, Yu&#772;suf ibn Abi&#772; Bakr, b. 1160.</subfield><subfield code="s">Mifta&#772;h&#803; al-&#699;ulu&#772;m.</subfield><subfield code="t">Kita&#772;b mifta&#772;h&#803; al-&#699;ulu&#772;m.</subfield><subfield code="b">al-T&#803;ab&#699;ah 1.</subfield><subfield code="d">Mis&#803;r : al-Mat&#803;ba&#699;ah al-Adabi&#772;yah, [1899?]</subfield><subfield code="w">(OCoLC)655023252</subfield></datafield><datafield ind1="0" ind2="8" tag="776"><subfield code="i">Print version:</subfield><subfield code="a">Sakka&#772;ki&#772;, Yu&#772;suf ibn Abi&#772; Bakr, 1160-</subfield><subfield code="t">Kita&#772;b mifta&#772;h&#803; al-&#699;ulu&#772;m</subfield><subfield code="w">(NNC)32314</subfield><subfield code="w">(OCoLC)505038637</subfield></datafield><datafield ind1="4" ind2="0" tag="856"><subfield code="u">http://hdl.handle.net/2333.1/sf7m0fx3</subfield></datafield><datafield ind1="1" ind2=" " tag="880"><subfield code="6">100-01/r</subfield><subfield code="a">&#1587;&#1603;&#1575;&#1603;&#1610;&#1548; &#1610;&#1608;&#1587;&#1601; &#1576;&#1606; &#1575;&#1576;&#1610; &#1576;&#1603;&#1585;&#1548;</subfield><subfield code="d">1160-</subfield></datafield><datafield ind1="1" ind2="0" tag="880"><subfield code="6">240-02/r</subfield><subfield code="a">&#1605;&#1601;&#1578;&#1575;&#1581; &#1575;&#1604;&#1593;&#1604;&#1608;&#1605;</subfield></datafield><datafield ind1="1" ind2="0" tag="880"><subfield code="6">245-03/r</subfield><subfield code="a">&#1603;&#1578;&#1575;&#1576; &#1605;&#1601;&#1578;&#1575;&#1581; &#1575;&#1604;&#1593;&#1604;&#1608;&#1605; /</subfield><subfield code="c">&#1604;&#1604;&#1575;&#1605;&#1575;&#1605; &#1575;&#1576;&#1610; &#1610;&#1593;&#1602;&#1608;&#1576; &#1610;&#1608;&#1587;&#1601; &#1576;&#1606; &#1575;&#1576;&#1610; &#1576;&#1603;&#1585; &#1605;&#1581;&#1605;&#1583; &#1576;&#1606; &#1593;&#1604;&#1610; &#1575;&#1604;&#1587;&#1603;&#1575;&#1603;&#1610;&#1548; &#1608;&#1602;&#1583; &#1608;&#1588;&#1610;&#1606;&#1575; &#1591;&#1585;&#1585;&#1607; ... &#1576;&#1603;&#1578;&#1575;&#1576; &#1575;&#1578;&#1605;&#1575;&#1605; &#1575;&#1604;&#1583;&#1585;&#1575;&#1610;&#1577; ... / &#1604;&#1604;&#1575;&#1605;&#1575;&#1605; &#1580;&#1604;&#1575;&#1604; &#1575;&#1604;&#1583;&#1610;&#1606; &#1593;&#1576;&#1583; &#1575;&#1604;&#1585;&#1581;&#1605;&#1606; &#1575;&#1604;&#1587;&#1610;&#1608;&#1591;&#1610;.</subfield></datafield><datafield ind1="3" ind2=" " tag="880"><subfield code="6">246-04/r</subfield><subfield code="a">&#1605;&#1601;&#1578;&#1575;&#1581; &#1575;&#1604;&#1593;&#1604;&#1608;&#1605;</subfield></datafield><datafield ind1="3" ind2=" " tag="880"><subfield code="6">246-05/r</subfield><subfield code="a">&#1575;&#1578;&#1605;&#1575;&#1605; &#1575;&#1604;&#1583;&#1585;&#1575;&#1610;&#1577;</subfield></datafield><datafield ind1=" " ind2=" " tag="880"><subfield code="6">250-06/r</subfield><subfield code="a">&#1575;&#1604;&#1591;&#1576;&#1593;&#1577; 1.</subfield></datafield><datafield ind1=" " ind2=" " tag="880"><subfield code="6">260-07/r</subfield><subfield code="a">&#1605;&#1589;&#1585; :</subfield><subfield code="b">&#1575;&#1604;&#1605;&#1591;&#1576;&#1593;&#1577; &#1575;&#1604;&#1575;&#1583;&#1576;&#1610;&#1577;&#1548;</subfield><subfield code="c">[1899&#1567;]</subfield></datafield><datafield ind1="0" ind2="2" tag="880"><subfield code="6">700-08/r</subfield><subfield code="a">&#1587;&#1610;&#1608;&#1591;&#1610;&#1548;</subfield><subfield code="d">1445-1505.</subfield><subfield code="t">&#1575;&#1578;&#1605;&#1575;&#1605; &#1575;&#1604;&#1583;&#1585;&#1575;&#1610;&#1577;. </subfield></datafield><datafield ind1=" " ind2=" " tag="959"><subfield code="a">NNU</subfield><subfield code="b">WEB</subfield><subfield code="c">GENI</subfield><subfield code="t">0</subfield><subfield code="m">Electronic access</subfield><subfield code="s">01</subfield></datafield><datafield ind1=" " ind2=" " tag="999"><subfield code="i">NNC_32314</subfield><subfield code="o">(OCoLC)ocn505038637</subfield><subfield code="s">columbia_aco000496</subfield><subfield code="e">(ERROR-880)</subfield><subfield code="s">columbia_aco000496</subfield></datafield></record>